@article{jaulin2010resolution,
  title={Resolution of nonlinear interval problems using symbolic interval arithmetic},
  author={Jaulin, Luc and Chabert, Gilles},
  journal={Engineering Applications of Artificial Intelligence},
  volume={23},
  number={6},
  pages={1035--1040},
  year={2010},
  publisher={Elsevier}
}



